@MISC{manrsync,
	author={Linux Man Page},
	title={{rsync(1)}},
	year={{31.\ Dez.\ 2009}},
	note={\texttt{man rsync}}
}

@MISC{wpjson,
	author={Deutschsprachige Wikipedia},
	title={{JavaScript Object Notation}},
	year={{24.\ Okt.\ 2010}},
	note={\url{http://de.wikipedia.org/wiki/JSON}}
}

@MISC{firebug,
	title={Firebug},
	year={{06.\ Mai 2010}},
	note={\url{https://addons.mozilla.org/de/firefox/addon/1843/}}
}

@MISC{futon,
	author={CouchDB Wiki},
	title={{Getting started with Futon}},
	year={{13.\ Aug.\ 2010}},
	note={\url{http://wiki.apache.org/couchdb/Getting_started_with_Futon}}
}

@MISC{couchdbguide,
	author={J. Chris Anderson; Jan Lehnardt; Noah Slater},
	title={{CouchDB - The definitive Guide}},
	year={2010},
	note={\url{http://guide.couchdb.org/editions/1/en/index.html}}
}

@MISC{rfc2616,
	author={IETF (Internet Engineering Task Force)},
	title={{Hyper Text Transfer Protocol -- HTTP/1.1}},
	year={{Juni 1999}},
	note={\url{http://www.ietf.org/rfc/rfc2616.txt}}
}

@MISC{ecma262,
	author={ECMA (European Computer Manufacturers Association)},
	title={{ECMAScript specification (ECMA 262)}},
	year={{Dez.\ 2009}},
	note={\url{http://www.ecma-international.org/publications/standards/Ecma-262.htm}}
}

@MISC{isoiec162622002,
	author={ISO/IEC (International Organisation for Standardization, International Electrotechnical Commission)},
	title={{ISO/IEC 16262:2002}},
	year={{Juni 2002}},
	note={\url{http://standards.iso.org/ittf/PubliclyAvailableStandards/c033835_ISO_IEC_16262_2002(E).zip}}
}

@MISC{lucene,
	author={Apache Software Foundation},
	title={{Lucene}},
	year={{24.\ Okt.\ 2010}},
	note={\url{http://lucene.apache.org/java/docs/index.html}}
}

@MISC{apachefoundation,
	author={Apache Software Foundation},
	title={{Website}},
	year={{24.\ Okt.\ 2010}},
	note={\url{http://www.apache.org}},
}

@MISC{wprest,
	author={Deutschsprachige Wikipedia},
	title={{Representational State Transfer}},
	year={{24.\ Okt.\ 2010}},
	note={\url{http://de.wikipedia.org/wiki/Representational_State_Transfer}}
}

@Book{aocpfa,
author = {Donald Knuth},
title = {The Art of Computer Programming: Fundamental Algorithms, Third Edition},
publisher = {Addison Wesley},
year = {1997}
}

@MISC{gxsm,
	title={{GXSM (Gnome X Scanning Microscopy)}},
	year={{24.\ Okt.\ 2010}},
	note={\url{http://gxsm.sourceforge.net/}}
}

@MISC{cdbw01,
	title={{HTTP View API}},
	author={{CouchDB Wiki}},
	year={{10.\ Aug.\ 2010}},
	note={\url{http://wiki.apache.org/couchdb/HTTP_view_API}}
}

@MISC{cdbdl,
	title={{CouchDB 1.0.1}},
	note={\url{http://couchdb.apache.org/downloads.html}}
}

@MISC{lfsbm01,
	title={{Linux Filesystem Benchmark}},
	author={T2 Magazine},
	year={{2008}},
	note={\url{http://www.t2-project.org/zine/1/}}
}

@MISC{lfsbm02,
	title={{Iozone Filesystem Benchmark}},
	year={{28.\ Okt.\ 2006}},
	note={\url{http://www.iozone.org/}}
}

@MISC{xfswp,
	title={{Scalability and Performance in Modern Filesystems}},
	author={Philip Trautman, Jim Mostek},
	year={{24.\ Okt.\ 2010}},
	note={\url{http://linux-xfs.sgi.com/projects/xfs/papers/xfs_white/xfs_white_paper.html}}
}

@MISC{sawzall,
	title={{Interpreting the Data: Parallel Analysis with Sawzall}},
	author={Rob Pike; Sean Dorward; Robert Griesemer; Sean Quinlan},
	year={{2005}},
	note={\url{http://research.google.com/archive/sawzall.html}}
}

@MISC{cdbw02,
	author={CouchDB Wiki},
	title={{Introduction to CouchDB views}},
	year={{08.\ Sept.\ 2010}},
	note={\url{http://wiki.apache.org/couchdb/Introduction_to_CouchDB_views}}
}